@online{WinNT,
  author = {World Health Organization},
  title = {Global status report on road safety 2018},
  year = 2018,
  url = {https://www.who.int/violence_injury_prevention/road_safety_status/2018/en/},
  urldate = {2020-02-17}
}